@manual{tabula_repository,
    author = {Manuel Aristar√°n},
    title = {Tabula - a tool for liberating data tables trapped inside PDF files},
    organization = {Knight Foundation, Shuttleworth Foundation},
    year = {2012},
    url = {https://github.com/tabulapdf/tabula}
}

@manual{pdftabextract_repository,
    author = {Markus Konrad},
    title = {pdftabextract - A set of tools for extracting tables from PDF files helping to do data mining on (OCR-processed) scanned documents.},
    organization = {WZB Social Science Center},
    year = {2016},
    url = {https://github.com/WZBSocialScienceCenter/pdftabextract}
}

@manual{pdffigures_2_repository,
    author = {Christopher Clark},
    title = {PDFFigures 2.0 is a Scala based project built to extract figures, captions, tables and section titles from scholarly documents, with a strong focus on documents from the domain of computer science.},
    organization = {Allenai},
    year = {2016},
    url = {https://github.com/allenai/pdffigures2}
}

@manual{pdflayouttextstripper_repository,
    author = {Jonathan Link},
    title = {PDFLayoutTextStripper - Converts a pdf file into a text file while keeping the layout of the original pdf. Useful to extract the content from a table in a pdf file for instance.},
    year = {2015},
    url = {https://github.com/JonathanLink/PDFLayoutTextStripper}
}
